<record><leader>00000cas a22000007a 4500</leader><controlfield tag="001">12935352</controlfield><controlfield tag="008">851219d1875188uwiuwr ne      0    0eng d</controlfield><datafield ind1=" " ind2=" " tag="010"><subfield code="a">sn 85041601 </subfield></datafield><datafield ind1=" " ind2=" " tag="040"><subfield code="a">NPV</subfield><subfield code="b">eng</subfield><subfield code="c">NPV</subfield><subfield code="d">NJW</subfield><subfield code="d">NPV</subfield><subfield code="d">OCLCQ</subfield></datafield><datafield ind1=" " ind2=" " tag="042"><subfield code="a">msc</subfield></datafield><datafield ind1="0" ind2="4" tag="245"><subfield code="a">The Oshkosh times.</subfield></datafield><datafield ind1=" " ind2=" " tag="260"><subfield code="a">Oshkosh, Wis. :</subfield><subfield code="b">Fernandez &amp; Glaze</subfield></datafield><datafield ind1=" " ind2=" " tag="300"><subfield code="a">v.</subfield></datafield><datafield ind1=" " ind2=" " tag="310"><subfield code="a">Weekly</subfield></datafield><datafield ind1="1" ind2=" " tag="362"><subfield code="a">Began in May 1875.</subfield></datafield><datafield ind1=" " ind2=" " tag="515"><subfield code="a">Adds whole numbering: Vol 9, no. 4 (May 22, 1875) = whole no. 420.</subfield></datafield><datafield ind1=" " ind2=" " tag="588"><subfield code="a">Description based on: Vol. 9, no. 3 (May 12, 1875).</subfield></datafield><datafield ind1=" " ind2=" " tag="752"><subfield code="a">United States</subfield><subfield code="b">Wisconsin</subfield><subfield code="c">Winnebago</subfield><subfield code="d">Oshkosh.</subfield></datafield><datafield ind1="0" ind2="0" tag="780"><subfield code="t">Oshkosh weekly times (Oshkosh, Wis. : 1872)</subfield><subfield code="w">(DLC)sn 85041600</subfield></datafield><datafield ind1="0" ind2="0" tag="785"><subfield code="t">Times (Oshkosh, Wis.)</subfield><subfield code="w">(DLC)sn 85041602</subfield></datafield></record>